
@Manual{R2020,
    title = {R: A Language and Environment for Statistical Computing},
    author = {{R Core Team}},
    organization = {R Foundation for Statistical Computing},
    address = {Vienna, Austria},
    year = {2020},
    url = {https://www.R-project.org/},
  }

@article{Ball2012,
  title={Okun's Law: Fit at 50?},
  author={Ball, Laurence M and Leigh, Daniel and Loungani, Prakash},
  journal={Journal of Money, Credit and Banking},
  volume={49},
  number={7},
  pages={1413-1441},
  year={2012},
  institution={Wiley}
}

@article{Henningsen2007,
  title={systemfit: A package for estimating systems of simultaneous equations in R},
  author={Henningsen, Arne and Hamann, Jeff D and others},
  journal={Journal of statistical software},
  volume={23},
  number={4},
  pages={1--40},
  year={2007},
  publisher={Citeseer}
}

@article{Hodrick1997,
  title={Postwar US business cycles: an empirical investigation},
  author={Hodrick, Robert J and Prescott, Edward C},
  journal={Journal of Money, credit, and Banking},
  pages={1--16},
  year={1997},
  publisher={JSTOR}
}

@article{Gouveia2015,
  title={Uma aplica{\c{c}}{\~a}o da Lei de Okun no Brasil (1996-2013)},
  author={Gouveia, Jaqueline Moraes Assis and Feistel, Paulo Ricardo},
  journal={Revista de Economia do Centro-Oeste},
  volume={1},
  number={1},
  pages={81--90},
  year={2015}
}

@article{IPEA2020,
author = {{\relax Instituto de pesquisa econÔmica aplicada (IPEA)}},
title = {Ipeadata - Dados macroeconômicos e regionais},
year = {2021},
url = {http://www.ipeadata.gov.br}
}

@article{Zellner1962,
  title={An efficient method of estimating seemingly unrelated regressions and tests for aggregation bias},
  author={Zellner, Arnold},
  journal={Journal of the American statistical Association},
  volume={57},
  number={298},
  pages={348--368},
  year={1962},
  publisher={Taylor \& Francis}
}
  @Article{Zeileis2006,
    title = {Implementing a Class of Structural Change Tests: An Econometric Computing Approach},
    author = {Achim, Zeileis},
    journal = {Computational Statistics \& Data Analysis},
    year = {2006},
    volume = {50},
    pages = {2987--3008},
  }
  
  @article{Hamilton2018,
  title={Why you should never use the Hodrick-Prescott filter},
  author={Hamilton, James D},
  journal={Review of Economics and Statistics},
  volume={100},
  number={5},
  pages={831--843},
  year={2018},
  publisher={MIT Press}
}

@book{Okun1962,
  title={Potential GNP: its measurement and significance},
  author={Okun, Arthur M},
  journal={Proceedings of the Business and Economic Statistics Section in American Statistical Association},
  year={1962},
  publisher={Cowles Foundation for Research in Economics at Yale University}
}

  @article{Hall2003,
  title={Modern Theory of Unemployment Fluctuations: Empirics and Policy Applications},
  author={Hall, Robert E.},
  journal={American Economic Review},
  volume={93},
  number={2},
  pages={145-150},
  year={2003},
  }
  
  @article{Krueger2017,
  title={Where Have All the Workers Gone? An Inquiry into the Decline of the U.S. Labor Force Participation Rate},
  author={Krueger, Allan B.},
  journal={Brookings Papers on Economic Activity},
  pages={1-87},
  year={2017},
  publisher={Brookings Institution Press}
  }
  
   @article{Lim2019,
  title={Beyond Okun’s law: output growth and labormarket flows},
  author={Lim, G. C. and Dixon, Robert and van Ours, Jan C.},
  journal={Empirical Economics},
  pages={1-23},
  year={2019},
  publisher={Brookings Institution Press}
  }
  
   @article{Huang2013,
  title={Okun's law in panels of countries and states},
  author={Huang, Ho-Chuan and Yeh, Chih-Chuan},
  journal={Applied Economics},
  volume={45},
  number={2},
  pages={191-199},
  year={2013},
  publisher={Routledge}
  }
  
     @article{Zanin2014,
  title={On Okun’s law in OECD countries: An analysis by age cohorts},
  author={Zanin, Luca},
  journal={Economics Letters},
  volume={125},
  number={2},
  pages={243-248},
  year={2014},
  publisher={Science Direct}
  }


  @article{Pizzo2019,
  title={Literature Review of Empirical Studies on Okun’s Law in Latin America and the Caribbean},
  author={Pizzo, Alessandra},
  journal={Employment Policy Department EMPLOYMENT Working Paper No. 252},
  pages={1-45},
  year={2019},
  publisher={ International Labour Organization 2020}
  }
  
  @article{Kurosaka2014,
  title={Okun's Law and Employment Adjustment},
  author={Kurosaka, Yoshio},
  journal={Japanese Economy},
  volume={39},
  number={2},
  pages={87-107},
  year={2014},
  publisher={Taylor Francis Online}
  }
  
  @article{Marinkov2007,
  title={Cyclical unemployment and cyclical output: An estimation of Okun's coefficient for South Africa},
  author={Marinkov, Marina and Geldenhuys, Jean-pierre},
  journal={South African Journal of Economics},
  volume={75},
  number={3},
  pages={373--390},
  year={2007},
  publisher={Wiley Online Library}
}

 @article{Karim2016,
  title={Policy Lessons from Okun’s Law for African Countries},
  author={Karim, El Aynaoui and Aomar, Ibourk},
  journal={Workshop on Global Labour Markets, IMF-OCP Policy Center-Brunel University},
  year={2016},
  publisher={Taylor Francis Online}
  }
  